<record xmlns="http://www.loc.gov/MARC21/slim" xmlns:xsi="http://www.w3.org/2001/XMLSchema-instance" xsi:schemaLocation="http://www.loc.gov/MARC21/slim http://www.loc.gov/standards/marcxml/schema/MARC21slim.xsd"><leader>     nam a22        4500</leader><controlfield tag="001">3068150</controlfield><controlfield tag="003">NNC</controlfield><controlfield tag="006">m        d        </controlfield><controlfield tag="007">cr cn |||m|||a</controlfield><controlfield tag="008">150316s1941    ua      o     000 j ara d</controlfield><datafield ind1=" " ind2=" " tag="040"><subfield code="a">NNU</subfield><subfield code="b">eng</subfield><subfield code="e">rda</subfield><subfield code="c">NNU</subfield></datafield><datafield ind1=" " ind2="4" tag="050"><subfield code="a">BJ1597</subfield><subfield code="b">.I2 1941</subfield></datafield><datafield ind1="1" ind2=" " tag="100"><subfield code="6">880-01</subfield><subfield code="a">Ibn al-Da&#772;yah, Ah&#803;mad ibn Yu&#772;suf,</subfield><subfield code="d">-approximately 952.</subfield></datafield><datafield ind1="1" ind2="3" tag="245"><subfield code="6">880-02</subfield><subfield code="a">al-Muka&#772;fa&#700;ah /</subfield><subfield code="c">li-Abi&#772; Ja&#699;far Ah&#803;mad ibn Yu&#772;suf ; s&#803;ah&#803;h&#803;ah&#803;ah wa-d&#803;abat&#803;ah wa-sharah&#803;ah Ah&#803;mad Ami&#772;n, &#699;Ali&#772; al-Ja&#772;rim.</subfield></datafield><datafield ind1=" " ind2=" " tag="250"><subfield code="6">880-03</subfield><subfield code="a">al-T&#803;ab&#699;ah 1.</subfield></datafield><datafield ind1=" " ind2=" " tag="260"><subfield code="6">880-04</subfield><subfield code="a">al-Qa&#772;hirah :</subfield><subfield code="b">al-Matba&#699;ah al-Ami&#772;ri&#772;yah bi-Bu&#772;la&#772;q,</subfield><subfield code="c">1941.</subfield></datafield><datafield ind1=" " ind2=" " tag="300"><subfield code="6">880-05</subfield><subfield code="a">online resource (224 pages)</subfield></datafield><datafield ind1=" " ind2=" " tag="336"><subfield code="a">text</subfield><subfield code="2">rdacontent</subfield></datafield><datafield ind1=" " ind2=" " tag="337"><subfield code="a">computer</subfield><subfield code="2">rdamedia</subfield></datafield><datafield ind1=" " ind2=" " tag="338"><subfield code="a">online resource</subfield><subfield code="2">rdacarrier</subfield></datafield><datafield ind1=" " ind2=" " tag="500"><subfield code="a">Part of the Arabic Collections Online (ACO) project, contributed by Columbia University Libraries.</subfield></datafield><datafield ind1=" " ind2=" " tag="533"><subfield code="a">Electronic reproduction.</subfield><subfield code="b">New York, N.Y. :</subfield><subfield code="c">New York University,</subfield><subfield code="d">2015.</subfield><subfield code="5">NNU</subfield></datafield><datafield ind1=" " ind2="0" tag="650"><subfield code="a">Conduct of life.</subfield></datafield><datafield ind1=" " ind2="0" tag="650"><subfield code="a">Islamic exempla.</subfield></datafield><datafield ind1=" " ind2="7" tag="650"><subfield code="a">Conduct of life.</subfield><subfield code="2">fast</subfield><subfield code="0">(OCoLC)fst00874563</subfield></datafield><datafield ind1=" " ind2="7" tag="650"><subfield code="a">Islamic exempla.</subfield><subfield code="2">fast</subfield><subfield code="0">(OCoLC)fst01730323</subfield></datafield><datafield ind1="1" ind2=" " tag="700"><subfield code="6">880-06</subfield><subfield code="a">Ami&#772;n, Ah&#803;mad,</subfield><subfield code="d">1886-1954.</subfield></datafield><datafield ind1="1" ind2=" " tag="700"><subfield code="6">880-07</subfield><subfield code="a">Ja&#772;rim, &#699;Ali&#772;.</subfield></datafield><datafield ind1="2" ind2=" " tag="710"><subfield code="a">Columbia University.</subfield><subfield code="b">Libraries.</subfield></datafield><datafield ind1="0" ind2=" " tag="730"><subfield code="a">Arabic Collections Online.</subfield></datafield><datafield ind1="0" ind2="8" tag="776"><subfield code="i">Online version:</subfield><subfield code="a">Ibn al-Da&#772;yah, Ah&#803;mad ibn Yu&#772;suf, -approximately 952.</subfield><subfield code="t">Muka&#772;fa&#700;ah.</subfield><subfield code="b">al-T&#803;ab&#699;ah 1.</subfield><subfield code="d">al-Qa&#772;hirah : al-Matba&#699;ah al-Ami&#772;ri&#772;yah bi-Bu&#772;la&#772;q, 1941</subfield><subfield code="w">(OCoLC)586044947</subfield></datafield><datafield ind1="0" ind2="8" tag="776"><subfield code="i">Print version:</subfield><subfield code="a">Ibn al-Da&#772;yah, Ah&#803;mad ibn Yu&#772;suf, -approximately 952.</subfield><subfield code="t">al-Muka&#772;fa&#700;ah</subfield><subfield code="w">(NNC)3068150</subfield><subfield code="w">(OCoLC)13021451</subfield></datafield><datafield ind1="4" ind2="0" tag="856"><subfield code="u">http://hdl.handle.net/2333.1/mw6m92jb</subfield></datafield><datafield ind1="1" ind2=" " tag="880"><subfield code="6">100-01/r</subfield><subfield code="a">&#1575;&#1576;&#1606; &#1575;&#1604;&#1583;&#1575;&#1610;&#1577;&#1548; &#1575;&#1581;&#1605;&#1583; &#1576;&#1606; &#1610;&#1608;&#1587;&#1601;&#1548;,</subfield><subfield code="d">&#1578;. &#1581;&#1608;. 952.</subfield></datafield><datafield ind1="1" ind2="3" tag="880"><subfield code="6">245-02/r</subfield><subfield code="a">&#1575;&#1604;&#1605;&#1603;&#1575;&#1601;&#1571;&#1577; /</subfield><subfield code="c">&#1604;&#1576;&#1610; &#1580;&#1593;&#1601;&#1585; &#1575;&#1581;&#1605;&#1583; &#1576;&#1606; &#1610;&#1608;&#1587;&#1601; &#1563; &#1589;&#1581;&#1581;&#1577; &#1608;&#1590;&#1576;&#1591;&#1577; &#1608;&#1588;&#1585;&#1581;&#1577; &#1575;&#1581;&#1605;&#1583; &#1575;&#1605;&#1610;&#1606;&#1548; &#1593;&#1604;&#1610; &#1575;&#1604;&#1580;&#1575;&#1585;&#1605;.</subfield></datafield><datafield ind1=" " ind2=" " tag="880"><subfield code="6">250-03/r</subfield><subfield code="a">&#1575;&#1604;&#1591;&#1576;&#1593;&#1577; 1.</subfield></datafield><datafield ind1=" " ind2=" " tag="880"><subfield code="6">260-04/r</subfield><subfield code="a">&#1575;&#1604;&#1602;&#1575;&#1607;&#1585;&#1577; :</subfield><subfield code="b">&#1575;&#1604;&#1605;&#1591;&#1576;&#1593;&#1577; &#1575;&#1604;&#1575;&#1605;&#1610;&#1585;&#1610;&#1577; &#1576;&#1576;&#1608;&#1604;&#1575;&#1602;&#1548;</subfield><subfield code="c">1941.</subfield></datafield><datafield ind1=" " ind2=" " tag="880"><subfield code="6">300-05/r</subfield><subfield code="a">224 &#1589;. &#1563;</subfield><subfield code="c">24 &#1587;&#1605;.</subfield></datafield><datafield ind1=" " ind2=" " tag="880"><subfield code="6">500-00/r</subfield><subfield code="a">&#1602;&#1585;&#1585;&#1578; &#1608;&#1586;&#1575;&#1585;&#1577; &#1575;&#1604;&#1605;&#1593;&#1575;&#1585;&#1601; &#1607;&#1584;&#1575; &#1575;&#1604;&#1603;&#1578;&#1575;&#1576; &#1604;&#1602;&#1585;&#1575;&#1569;&#1577; &#1591;&#1604;&#1575;&#1576; &#1575;&#1604;&#1587;&#1606;&#1577; &#1575;&#1604;&#1578;&#1608;&#1580;&#1610;&#1607;&#1610;&#1577; &#1576;&#1575;&#1604;&#1605;&#1583;&#1575;&#1585;&#1587; &#1575;&#1604;&#1579;&#1575;&#1606;&#1608;&#1610;&#1577;.</subfield></datafield><datafield ind1="2" ind2="7" tag="880"><subfield code="6">610-00/r</subfield><subfield code="a">&#1575;&#1604;&#1602;&#1589;&#1589; &#1575;&#1604;&#1602;&#1589;&#1610;&#1585;&#1577; &#1575;&#1604;&#1593;&#1585;&#1576;&#1610;&#1577;.</subfield><subfield code="2">qrma</subfield></datafield><datafield ind1="1" ind2=" " tag="880"><subfield code="6">700-06/r</subfield><subfield code="a">&#1575;&#1605;&#1610;&#1606;&#1548; &#1575;&#1581;&#1605;&#1583;&#1548;,</subfield><subfield code="d">1886-1954.</subfield></datafield><datafield ind1="1" ind2=" " tag="880"><subfield code="6">700-07/r</subfield><subfield code="a">&#1580;&#1575;&#1585;&#1605;&#1548; &#1593;&#1604;&#1610;.</subfield></datafield><datafield ind1=" " ind2=" " tag="959"><subfield code="a">NNU</subfield><subfield code="b">WEB</subfield><subfield code="c">GENI</subfield><subfield code="t">0</subfield><subfield code="m">Electronic access</subfield><subfield code="s">01</subfield></datafield><datafield ind1=" " ind2=" " tag="999"><subfield code="i">NNC_3068150</subfield><subfield code="o">(OCoLC)ocm13021451 </subfield><subfield code="s">columbia_aco000208</subfield><subfield code="e">(ERROR-880)</subfield></datafield></record>